<?xml version="1.0" encoding="UTF-8" ?><marc:collection xmlns:marc="http://www.loc.gov/MARC21/slim" xmlns:xsi="http://www.w3.org/2001/XMLSchema-instance" xsi:schemaLocation="http://www.loc.gov/MARC21/slim http://www.loc.gov/standards/marcxml/schema/MARC21slim.xsd">
<marc:record><marc:leader>03232ckc a2200493 i 4500</marc:leader>
<marc:controlfield tag="001">15377464</marc:controlfield>
<marc:controlfield tag="005">20200914103633.0</marc:controlfield><marc:controlfield tag="007">kh bo|</marc:controlfield><marc:controlfield tag="008">200624i19431945azunnn            kneng d</marc:controlfield><marc:datafield tag="035" ind1=" " ind2=" "><marc:subfield code="a">15377464</marc:subfield></marc:datafield><marc:datafield tag="040" ind1=" " ind2=" "><marc:subfield code="a">CtY-BR</marc:subfield><marc:subfield code="b">eng</marc:subfield><marc:subfield code="c">CtY-BR</marc:subfield><marc:subfield code="e">dcrmg</marc:subfield><marc:subfield code="e">rda</marc:subfield></marc:datafield><marc:datafield tag="043" ind1=" " ind2=" "><marc:subfield code="a">n-us---</marc:subfield><marc:subfield code="a">n-usp--</marc:subfield><marc:subfield code="a">n-us-az</marc:subfield></marc:datafield><marc:datafield tag="079" ind1=" " ind2=" "><marc:subfield code="a">(OCoLC)1193065121</marc:subfield><marc:subfield code="z">(OCoLC)1164381819</marc:subfield></marc:datafield><marc:datafield tag="100" ind1="1" ind2=" "><marc:subfield code="a">Murakami, Shigeru,</marc:subfield><marc:subfield code="e">compiler.</marc:subfield></marc:datafield><marc:datafield tag="245" ind1="1" ind2="0"><marc:subfield code="a">[Photographs of baseball players in Gila River Relocation Center].</marc:subfield></marc:datafield><marc:datafield tag="264" ind1=" " ind2="0"><marc:subfield code="a">[Gila River Relocation Center, Arizona],</marc:subfield><marc:subfield code="c">[circa 1943-1945]</marc:subfield></marc:datafield><marc:datafield tag="300" ind1=" " ind2=" "><marc:subfield code="a">12 photographs :</marc:subfield><marc:subfield code="b">black and white prints ;</marc:subfield><marc:subfield code="c">13 x 8.5 cm and smaller</marc:subfield></marc:datafield><marc:datafield tag="336" ind1=" " ind2=" "><marc:subfield code="a">still image</marc:subfield><marc:subfield code="2">rdacontent</marc:subfield></marc:datafield><marc:datafield tag="337" ind1=" " ind2=" "><marc:subfield code="a">unmediated</marc:subfield><marc:subfield code="2">rdamedia</marc:subfield></marc:datafield><marc:datafield tag="338" ind1=" " ind2=" "><marc:subfield code="a">sheet</marc:subfield><marc:subfield code="2">rdacarrier</marc:subfield></marc:datafield><marc:datafield tag="506" ind1="0" ind2=" "><marc:subfield code="a">This material is open for research.</marc:subfield></marc:datafield><marc:datafield tag="545" ind1=" " ind2=" "><marc:subfield code="a">Shigeru Murakami was incarcerated with his family at Gila River Relocation Center in Arizona, 1942-1945.  Murakami served in the United States Army from 1946 to 1949.</marc:subfield></marc:datafield><marc:datafield tag="520" ind1=" " ind2=" "><marc:subfield code="a">12 black and white photographic prints compiled by Shigeru Murakami documenting life in Gila River Relocation Center, circa 1943-1945.  6 photographs depict baseball players and baseball games at Gila River.  5 photographs depict men, women, and children standing outside houses at the camp, and 1 photograph is a portrait of a friend of Murakami's identified as &quot;Joe.&quot;  The photographs are accompanied by a program from a 2008 event hosted by the Sacramento River Cats honoring pioneers of Japanese baseball, including Shigeru Murakami.</marc:subfield></marc:datafield><marc:datafield tag="561" ind1=" " ind2=" "><marc:subfield code="a">Purchased from Langdon Manor Books, LLC on the Frederick W. and Carrie S. Beinecke Fund for Western Americana, 2019.</marc:subfield></marc:datafield><marc:datafield tag="546" ind1=" " ind2=" "><marc:subfield code="a">Signatures and program in English.</marc:subfield></marc:datafield><marc:datafield tag="500" ind1=" " ind2=" "><marc:subfield code="a">Title supplied by cataloger.</marc:subfield></marc:datafield><marc:datafield tag="500" ind1=" " ind2=" "><marc:subfield code="a">Date and place of creation supplied by cataloger.</marc:subfield></marc:datafield><marc:datafield tag="500" ind1=" " ind2=" "><marc:subfield code="a">4 photographs contain signatures in ink on the emulsion side.</marc:subfield></marc:datafield><marc:datafield tag="500" ind1=" " ind2=" "><marc:subfield code="a">1 nitrate negative was removed from the collection for digitization and discard in compliance with Yale University policy. Surrogate images will be available in the future. Please consult Access Services for more information.</marc:subfield></marc:datafield><marc:datafield tag="524" ind1=" " ind2=" "><marc:subfield code="a">Shigeru Murakami, Photographs of Baseball Players in Gila River Relocation Center. Yale Collection of Western Americana, Beinecke Rare Book and Manuscript Library.</marc:subfield></marc:datafield><marc:datafield tag="600" ind1="1" ind2="0"><marc:subfield code="a">Murakami, Shigeru</marc:subfield><marc:subfield code="v">Portraits.</marc:subfield></marc:datafield><marc:datafield tag="610" ind1="2" ind2="0"><marc:subfield code="a">Gila River Relocation Center</marc:subfield><marc:subfield code="v">Pictorial works.</marc:subfield></marc:datafield><marc:datafield tag="650" ind1=" " ind2="0"><marc:subfield code="a">Baseball</marc:subfield><marc:subfield code="z">United States</marc:subfield><marc:subfield code="v">Pictorial works.</marc:subfield></marc:datafield><marc:datafield tag="650" ind1=" " ind2="0"><marc:subfield code="a">Baseball players</marc:subfield><marc:subfield code="z">United States</marc:subfield><marc:subfield code="v">Pictorial works.</marc:subfield></marc:datafield><marc:datafield tag="650" ind1=" " ind2="0"><marc:subfield code="a">Japanese American baseball players</marc:subfield><marc:subfield code="v">Pictorial works.</marc:subfield></marc:datafield><marc:datafield tag="650" ind1=" " ind2="0"><marc:subfield code="a">Japanese American women</marc:subfield><marc:subfield code="v">Pictorial works.</marc:subfield></marc:datafield><marc:datafield tag="650" ind1=" " ind2="0"><marc:subfield code="a">Japanese Americans</marc:subfield><marc:subfield code="x">Evacuation and relocation, 1942-1945</marc:subfield><marc:subfield code="v">Pictorial works.</marc:subfield></marc:datafield><marc:datafield tag="650" ind1=" " ind2="0"><marc:subfield code="a">Japanese Americans</marc:subfield><marc:subfield code="v">Pictorial works.</marc:subfield></marc:datafield><marc:datafield tag="650" ind1=" " ind2="0"><marc:subfield code="a">Japanese Americans</marc:subfield><marc:subfield code="x">Recreation</marc:subfield><marc:subfield code="v">Pictorial works.</marc:subfield></marc:datafield><marc:datafield tag="650" ind1=" " ind2="0"><marc:subfield code="a">Women</marc:subfield><marc:subfield code="z">West (U.S.)</marc:subfield><marc:subfield code="v">Pictorial works.</marc:subfield></marc:datafield><marc:datafield tag="650" ind1=" " ind2="0"><marc:subfield code="a">World War, 1939-1945</marc:subfield><marc:subfield code="x">Concentration camps</marc:subfield><marc:subfield code="z">United States</marc:subfield><marc:subfield code="v">Pictorial works.</marc:subfield></marc:datafield><marc:datafield tag="651" ind1=" " ind2="0"><marc:subfield code="a">Arizona</marc:subfield><marc:subfield code="v">Pictorial works.</marc:subfield><marc:subfield code="0">http://id.loc.gov/authorities/subjects/sh2008114255</marc:subfield></marc:datafield><marc:datafield tag="655" ind1=" " ind2="7"><marc:subfield code="a">Photographs.</marc:subfield><marc:subfield code="2">aat</marc:subfield></marc:datafield><marc:datafield tag="852" ind1=" " ind2=" "><marc:subfield code="a">Beinecke Rare Book and Manuscript Library, Yale University, New Haven, CT</marc:subfield></marc:datafield></marc:record>