
<marc:record><marc:leader>02949cpc a2200493 a 4500</marc:leader>
<marc:controlfield tag="001">3623767</marc:controlfield>
<marc:controlfield tag="005">20181010173644.0</marc:controlfield><marc:controlfield tag="006">t                 </marc:controlfield><marc:controlfield tag="008">940225i19421946ctu||          | |||eng d</marc:controlfield><marc:datafield tag="035" ind1=" " ind2=" "><marc:subfield code="9">FJA7539YL</marc:subfield></marc:datafield><marc:datafield tag="035" ind1=" " ind2=" "><marc:subfield code="a">3623767</marc:subfield></marc:datafield><marc:datafield tag="040" ind1=" " ind2=" "><marc:subfield code="a">CtY-BR</marc:subfield><marc:subfield code="c">CtY-BR</marc:subfield><marc:subfield code="e">appm</marc:subfield></marc:datafield><marc:datafield tag="043" ind1=" " ind2=" "><marc:subfield code="a">n-us-ca</marc:subfield><marc:subfield code="a">n-us-az</marc:subfield></marc:datafield><marc:datafield tag="079" ind1=" " ind2=" "><marc:subfield code="a">(OCoLC)1056170368</marc:subfield></marc:datafield><marc:datafield tag="100" ind1="1" ind2=" "><marc:subfield code="a">Millsap, Walter,</marc:subfield><marc:subfield code="d">1886-1971.</marc:subfield></marc:datafield><marc:datafield tag="245" ind1="1" ind2="0"><marc:subfield code="a">Walter Millsap / Keikichi Akana Imamura family papers,</marc:subfield><marc:subfield code="f">1942-1946.</marc:subfield></marc:datafield><marc:datafield tag="300" ind1=" " ind2=" "><marc:subfield code="a">0.8</marc:subfield><marc:subfield code="f">linear ft. (2 boxes)</marc:subfield></marc:datafield><marc:datafield tag="336" ind1=" " ind2=" "><marc:subfield code="a">unspecified</marc:subfield><marc:subfield code="2">rdacontent</marc:subfield></marc:datafield><marc:datafield tag="337" ind1=" " ind2=" "><marc:subfield code="a">unspecified</marc:subfield><marc:subfield code="2">rdamedia</marc:subfield></marc:datafield><marc:datafield tag="338" ind1=" " ind2=" "><marc:subfield code="a">unspecified</marc:subfield><marc:subfield code="2">rdacarrier</marc:subfield></marc:datafield><marc:datafield tag="545" ind1=" " ind2=" "><marc:subfield code="a">Walter Millsap was from 1916 to 1919 an active member of the utopian Llano colony, a socialist community which moved from its original location in California to Louisiana in 1917. Millsap was trustee of United Co-Operative Industries and head of the Llano Co-Operative Association.</marc:subfield></marc:datafield><marc:datafield tag="545" ind1=" " ind2=" "><marc:subfield code="a">Keikichi Akana Imamura was a salesman for Millsap's United Co-Operative Industries before World War II and an adjunct professor in Oriental languages at Yale University in the fall of 1945.</marc:subfield></marc:datafield><marc:datafield tag="520" ind1=" " ind2=" "><marc:subfield code="a">Correspondence, writings, and printed material collected by Walter Millsap. Chiefly correspondence between Millsap and the Imamura family during the Imamuras' internment at the Gila River Relocation Center. Millsap's letters to the Imamuras are represented by carbon copies. The letters discuss Japanese relocation and Millsap's United Co-Operative Industries, as well as his involvement in the Llano Colony, a socialist utopian community. Included are several typescripts of essays by Keikichi's wife, Toshiko Imamura, and some cartoons by their son, Keichi.</marc:subfield></marc:datafield><marc:datafield tag="555" ind1="0" ind2=" "><marc:subfield code="a">Accompanied by a contents list in box 1.</marc:subfield></marc:datafield><marc:datafield tag="561" ind1=" " ind2=" "><marc:subfield code="a">Gift of the William S. Reese Company, 1993.</marc:subfield></marc:datafield><marc:datafield tag="524" ind1=" " ind2=" "><marc:subfield code="a">Walter Millsap / Keikichi Akana Imamura Family Papers. Western Americana Collection, Beinecke Rare Book and Manuscript Library, Yale University.</marc:subfield></marc:datafield><marc:datafield tag="600" ind1="1" ind2="0"><marc:subfield code="a">Imamura, Keichi.</marc:subfield></marc:datafield><marc:datafield tag="600" ind1="1" ind2="0"><marc:subfield code="a">Imamura, Keikichi Akana.</marc:subfield></marc:datafield><marc:datafield tag="600" ind1="1" ind2="0"><marc:subfield code="a">Imamura, Toshiko.</marc:subfield></marc:datafield><marc:datafield tag="600" ind1="1" ind2="0"><marc:subfield code="a">Keikichi Akana Imamura Family</marc:subfield><marc:subfield code="v">Archives.</marc:subfield></marc:datafield><marc:datafield tag="600" ind1="1" ind2="0"><marc:subfield code="a">Millsap, Walter,</marc:subfield><marc:subfield code="d">1886-1971</marc:subfield><marc:subfield code="v">Archives.</marc:subfield></marc:datafield><marc:datafield tag="610" ind1="2" ind2="0"><marc:subfield code="a">Gila River Relocation Center.</marc:subfield></marc:datafield><marc:datafield tag="610" ind1="2" ind2="0"><marc:subfield code="a">Llano Colony (Secular community)</marc:subfield></marc:datafield><marc:datafield tag="650" ind1=" " ind2="0"><marc:subfield code="a">Cooperative societies</marc:subfield><marc:subfield code="z">United States.</marc:subfield></marc:datafield><marc:datafield tag="650" ind1=" " ind2="0"><marc:subfield code="a">Japanese American women.</marc:subfield></marc:datafield><marc:datafield tag="650" ind1=" " ind2="0"><marc:subfield code="a">Japanese Americans</marc:subfield><marc:subfield code="x">Evacuation and relocation, 1942-1945</marc:subfield><marc:subfield code="v">Personal narratives.</marc:subfield></marc:datafield><marc:datafield tag="650" ind1=" " ind2="0"><marc:subfield code="a">Utopian socialism</marc:subfield><marc:subfield code="z">United States.</marc:subfield></marc:datafield><marc:datafield tag="700" ind1="1" ind2=" "><marc:subfield code="a">Imamura, Keichi.</marc:subfield></marc:datafield><marc:datafield tag="700" ind1="1" ind2=" "><marc:subfield code="a">Imamura, Keikichi Akana.</marc:subfield></marc:datafield><marc:datafield tag="700" ind1="1" ind2=" "><marc:subfield code="a">Imamura, Toshiko.</marc:subfield></marc:datafield><marc:datafield tag="851" ind1=" " ind2=" "><marc:subfield code="a">Beinecke Rare Book and Manuscript Library, Yale University.</marc:subfield></marc:datafield><marc:datafield tag="856" ind1="4" ind2="1"><marc:subfield code="3">View a selection of digital images in the Beinecke Library's Digital Images Online database</marc:subfield><marc:subfield code="u">http://beinecke.library.yale.edu/dl_crosscollex/callnumSRCHXC.asp?WC=N&amp;SS=N&amp;CN=WA_MSS_S-1590</marc:subfield></marc:datafield><marc:datafield tag="928" ind1=" " ind2=" "><marc:subfield code="a">AC031197</marc:subfield></marc:datafield><marc:datafield tag="948" ind1=" " ind2=" "><marc:subfield code="a">djd/dms</marc:subfield></marc:datafield></marc:record>