
<marc:record><marc:leader>03484cpcaa2200373 a 4500</marc:leader>
<marc:controlfield tag="001">4887545</marc:controlfield>
<marc:controlfield tag="005">20180529114721.0</marc:controlfield><marc:controlfield tag="006">t          f000 0 </marc:controlfield><marc:controlfield tag="008">020129i19421945ctu                 eng d</marc:controlfield><marc:datafield tag="035" ind1=" " ind2=" "><marc:subfield code="a">(OCoLC)ocn702239619</marc:subfield></marc:datafield><marc:datafield tag="035" ind1=" " ind2=" "><marc:subfield code="9">FPJ9738YL</marc:subfield></marc:datafield><marc:datafield tag="035" ind1=" " ind2=" "><marc:subfield code="a">4887545</marc:subfield></marc:datafield><marc:datafield tag="040" ind1=" " ind2=" "><marc:subfield code="a">CtY-BR</marc:subfield><marc:subfield code="b">eng</marc:subfield><marc:subfield code="c">CtY-BR</marc:subfield><marc:subfield code="e">appm</marc:subfield></marc:datafield><marc:datafield tag="079" ind1=" " ind2=" "><marc:subfield code="a">(OCoLC)702165015</marc:subfield></marc:datafield><marc:datafield tag="110" ind1="1" ind2=" "><marc:subfield code="a">United States.</marc:subfield><marc:subfield code="b">War Relocation Authority.</marc:subfield><marc:subfield code="0">http://id.loc.gov/authorities/names/n50068996</marc:subfield></marc:datafield><marc:datafield tag="245" ind1="1" ind2="0"><marc:subfield code="a">United States War Relocation Authority reports,</marc:subfield><marc:subfield code="f">1942-1945.</marc:subfield></marc:datafield><marc:datafield tag="300" ind1=" " ind2=" "><marc:subfield code="a">1.25</marc:subfield><marc:subfield code="f">linear ft. (3 boxes)</marc:subfield></marc:datafield><marc:datafield tag="520" ind1=" " ind2=" "><marc:subfield code="a">Three volumes of mimeographed War Relocation Authority reports, solicitor's opinions, and administrative instructions relating to the administration of Japanese-American internment camps during World War II. The first volume contains a variety of reports: 13 community analysis reports (nos. 1-11, 13-14) explore Japanese-American culture and causes of unrest at relocation centers. 22 project analysis series reports contain reports from individual internment camps on army registration, religious cults, newly developed Japanese words related to relocation, and labor relations disputes. 12 community analysis notes (nos. 1-7, 9-12, 14) include interviews with Japanese-Americans and summaries of the integration of Japanese-Americans in California communities. 25 weekly summaries, dated December 1944 to June 1945 record reactions by interned Japanese-Americans to plans to close the centers within a year. </marc:subfield></marc:datafield><marc:datafield tag="520" ind1=" " ind2=" "><marc:subfield code="a">A volume of administrative instructions contains over 90 policy memoranda from the War Relocation Authority concerning personnel and camp operation as well as other issues such as absentee voting rights of American citizen evacuees. A small section at the end of this volume contains solicitor's opinions, which are duplicated in the more complete third volume of nearly 90 legal opinions from the Office of the Solicitor at the War Relocation Authority. These opinions address a variety of questions, including &quot;the extent to which Japanese may validly be detained, or their movements restricted, under an exercise of the war power&quot; and &quot;ways in which American citizenship may be lost.&quot;</marc:subfield></marc:datafield><marc:datafield tag="555" ind1=" " ind2=" "><marc:subfield code="a">Accompanied by container list (in box 1).</marc:subfield></marc:datafield><marc:datafield tag="561" ind1=" " ind2=" "><marc:subfield code="a">Purchased from Sotheby's New York on the Frederick W. &amp; Carrie S. Beinecke Fund for Western Americana, 2001.</marc:subfield></marc:datafield><marc:datafield tag="500" ind1=" " ind2=" "><marc:subfield code="a">The reports have been removed from black Herculox binders and housed in boxes.</marc:subfield></marc:datafield><marc:datafield tag="524" ind1=" " ind2=" "><marc:subfield code="a">United States War Relocation Authority Reports, Yale Collection of Western Americana, Beinecke Rare Book and Manuscript Library.</marc:subfield></marc:datafield><marc:datafield tag="610" ind1="1" ind2="0"><marc:subfield code="a">United States.</marc:subfield><marc:subfield code="b">War Relocation Authority.</marc:subfield><marc:subfield code="0">http://id.loc.gov/authorities/names/n50068996</marc:subfield></marc:datafield><marc:datafield tag="650" ind1=" " ind2="0"><marc:subfield code="a">Japanese Americans</marc:subfield><marc:subfield code="x">Evacuation and relocation, 1942-1945.</marc:subfield><marc:subfield code="0">http://id.loc.gov/authorities/subjects/sh85069606</marc:subfield></marc:datafield><marc:datafield tag="650" ind1=" " ind2="0"><marc:subfield code="a">World War, 1939-1945</marc:subfield><marc:subfield code="x">Evacuation of civilians</marc:subfield><marc:subfield code="z">West (U.S.)</marc:subfield></marc:datafield><marc:datafield tag="650" ind1=" " ind2="0"><marc:subfield code="a">Japanese</marc:subfield><marc:subfield code="z">United States.</marc:subfield><marc:subfield code="0">http://id.loc.gov/authorities/subjects/sh85069596</marc:subfield></marc:datafield><marc:datafield tag="650" ind1=" " ind2="0"><marc:subfield code="a">Concentration camps</marc:subfield><marc:subfield code="z">United States.</marc:subfield><marc:subfield code="0">http://id.loc.gov/authorities/subjects/sh85029609</marc:subfield></marc:datafield><marc:datafield tag="710" ind1="1" ind2=" "><marc:subfield code="a">United States.</marc:subfield><marc:subfield code="b">War Relocation Authority.</marc:subfield><marc:subfield code="b">Community Analysis Section.</marc:subfield><marc:subfield code="0">http://id.loc.gov/authorities/names/no2001087052</marc:subfield></marc:datafield><marc:datafield tag="710" ind1="1" ind2=" "><marc:subfield code="a">United States.</marc:subfield><marc:subfield code="b">War Relocation Authority.</marc:subfield><marc:subfield code="b">Office of the Solicitor.</marc:subfield></marc:datafield><marc:datafield tag="852" ind1=" " ind2=" "><marc:subfield code="a">Beinecke Rare Book and Manuscript Library, Yale University, New Haven, CT</marc:subfield></marc:datafield><marc:datafield tag="927" ind1=" " ind2=" "><marc:subfield code="a">20020304RO</marc:subfield></marc:datafield><marc:datafield tag="928" ind1=" " ind2=" "><marc:subfield code="a">AC04082002</marc:subfield></marc:datafield><marc:datafield tag="948" ind1=" " ind2=" "><marc:subfield code="a">dms</marc:subfield></marc:datafield></marc:record>
</marc:collection>
